<record><leader>00000cas a2200000 a 4500</leader><controlfield tag="001">426143224</controlfield><controlfield tag="008">090717d18981uuuiludn ne      0   a0eng c</controlfield><datafield ind1=" " ind2=" " tag="010"><subfield code="a">  2009271110</subfield></datafield><datafield ind1=" " ind2=" " tag="040"><subfield code="a">NVF</subfield><subfield code="b">eng</subfield><subfield code="c">NVF</subfield><subfield code="d">OCLCQ</subfield><subfield code="d">OCLCF</subfield><subfield code="d">OCLCO</subfield><subfield code="d">NVF</subfield><subfield code="d">OCLCO</subfield><subfield code="d">OCL</subfield></datafield><datafield ind1=" " ind2=" " tag="042"><subfield code="a">pcc</subfield></datafield><datafield ind1=" " ind2=" " tag="043"><subfield code="a">n-us-il</subfield></datafield><datafield ind1="0" ind2="0" tag="245"><subfield code="a">Mount Carmel daily Republican.</subfield></datafield><datafield ind1="1" ind2="3" tag="246"><subfield code="a">Daily Republican</subfield></datafield><datafield ind1="3" ind2=" " tag="246"><subfield code="a">Mt. Carmel daily Republican</subfield></datafield><datafield ind1=" " ind2=" " tag="250"><subfield code="a">Special reunion ed.</subfield></datafield><datafield ind1=" " ind2=" " tag="260"><subfield code="a">Mt. Carmel, Ill. :</subfield><subfield code="b">[publisher not identified],</subfield><subfield code="c">1898-[1---?]</subfield></datafield><datafield ind1=" " ind2=" " tag="300"><subfield code="a">v.</subfield></datafield><datafield ind1=" " ind2=" " tag="310"><subfield code="a">Daily (during reunion)</subfield></datafield><datafield ind1="0" ind2=" " tag="362"><subfield code="a">No. 1 (Aug. 24, 1898)-</subfield></datafield><datafield ind1=" " ind2=" " tag="530"><subfield code="a">Preservation microfilmed by the University of Illinois at Urbana-Champaign Library as part of the United States Newspaper Program; the year 1898 (on 1 microfilm reel) is available for purchase from OCLC Preservation Service Centers.</subfield></datafield><datafield ind1=" " ind2=" " tag="580"><subfield code="a">Weekly ed.: Mt. Carmel Republican, &lt;1898&gt;</subfield></datafield><datafield ind1=" " ind2=" " tag="588"><subfield code="a">Latest issue consulted: No. 3 (Aug. 26, 1898).</subfield></datafield><datafield ind1=" " ind2="0" tag="650"><subfield code="a">Reunions</subfield><subfield code="z">Illinois</subfield><subfield code="z">Mount Carmel</subfield><subfield code="v">Newspapers.</subfield></datafield><datafield ind1=" " ind2="0" tag="651"><subfield code="a">Mount Carmel (Ill.)</subfield><subfield code="v">Newspapers.</subfield></datafield><datafield ind1=" " ind2="7" tag="650"><subfield code="a">Reunions</subfield><subfield code="2">fast</subfield><subfield code="0">(OCoLC)fst01096431</subfield></datafield><datafield ind1=" " ind2="7" tag="651"><subfield code="a">Illinois</subfield><subfield code="z">Mount Carmel.</subfield><subfield code="2">fast</subfield><subfield code="0">(OCoLC)fst01208832</subfield></datafield><datafield ind1=" " ind2="7" tag="655"><subfield code="a">Newspapers.</subfield><subfield code="2">fast</subfield><subfield code="0">(OCoLC)fst01423814</subfield></datafield><datafield ind1=" " ind2=" " tag="752"><subfield code="a">United States</subfield><subfield code="b">Illinois</subfield><subfield code="c">Wabash</subfield><subfield code="d">Mount Carmel.</subfield></datafield><datafield ind1="1" ind2=" " tag="775"><subfield code="t">Mt. Carmel Republican</subfield><subfield code="w">(DLC)sn 91054107</subfield><subfield code="w">(OCoLC)24090374</subfield></datafield></record>